02RETORNO01COBRANCA       03521002075         PEUGEOT DO BRASIL AUTOMOV.LTDA409UNIBANCO       02019501600BPI                 020195                                                                                                                                                                                                                                                        00000014    143000001
1026740593600017303521002075         UNI006346B               61166420010                                  506020195UNI006346B61166420010         30129400000000824844090069501000000000000000000000000000000000000000000000000000000000000000000000000000000000000008248400000000000000000000000000         02                              0000000082484TROCADEIRO AUTOMOVEIS LTDA    14       020195143000002
1026740593600017303521002075         UNI006347B               61166420036                                  506020195UNI006347B61166420036         30129400000001747604090069501000000000000000000000000000000000000000000000000000000000000000000000000000000000000017476000000000000000000000000000         02                              0000000174760TROCADEIRO AUTOMOVEIS LTDA    14       020195143000003
1026740593600017303521002075         UNI006348B               61166420052                                  506020195UNI006348B61166420052         30129400000000999884090069501000000000000000000000000000000000000000000000000000000000000000000000000000000000000009998800000000000000000000000000         02                              0000000099988TROCADEIRO AUTOMOVEIS LTDA    14       020195143000004
1026740593600017303521002075         UNI004576E               61166421199                                  506020195UNI004576E61166421199         31129400000002970004090021901000000000000000000000000000000000000000000000000000000000000000000000000000000000000029700000000000000000000000000000         02                              0000000297000PEGASUS VEICULOS LTDA         14       020195143000005
1026740593600017303521002075         UNI006468B               61173712560                                  506020195UNI006468B61173712560         01019500000002069274090107601000000000000000000000000000000000000000000000000000000000000000000000000000000000000020692700000000000000000000000000         02                              0000000206927OPERA VEICULOS LTDA           14       020195143000006
1026740593600017303521002075         UNI006470B               61173712659                                  506020195UNI006470B61173712659         01019500000000501604090107601000000000000000000000000000000000000000000000000000000000000000000000000000000000000005016000000000000000000000000000         02                              0000000050160OPERA VEICULOS LTDA           14       020195143000007
1026740593600017303521002075         UNI006471B               61173712748                                  506020195UNI006471B61173712748         01019500000000418004090107601000000000000000000000000000000000000000000000000000000000000000000000000000000000000004180000000000000000000000000000         02                              0000000041800OPERA VEICULOS LTDA           14       020195143000008
1026740593600017303521002075         UN1001392                61174679469                                  506020195UN1001392 61174679469         30129400000000232544090066701000000000000000000000000000000000000000000000000000000000000000000000000000000000000002325400000000000000000000000000         02                              0000000023254BOURBON AUTOMOVEIS LTDA       14       020195143000009
1026740593600017303521002075         UN1001438                61174679477                                  506020195UN1001438 61174679477         02019500000000076494090066701000000000000000000000000000000000000000000000000000000000000000000000000000000000000000764900000000000000000000000000         02                              0000000007649BOURBON AUTOMOVEIS LTDA       14       020195143000010
1026740593600017303521002075         UN1001430                61174679493                                  506020195UN1001430 61174679493         02019500000000485964090078101000000000000000000000000000000000000000000000000000000000000000000000000000000000000004859600000000000000000000000000         02                              0000000048596ENDO VEICULOS LTDA            14       020195143000011
1026740593600017303521002075         UN1001391                61174679710                                  506020195UN1001391 61174679710         30129400000000463664090021901000000000000000000000000000000000000000000000000000000000000000000000000000000000000004636600000000000000000000000000         02                              0000000046366PEGASUS VEICULOS LTDA         14       020195143000012
1026740593600017303521002075         UN1001431                61174679728                                  506020195UN1001431 61174679728         02019500000000704374090021901000000000000000000000000000000000000000000000000000000000000000000000000000000000000007043700000000000000000000000000         02                              0000000070437PEGASUS VEICULOS LTDA         14       020195143000013
1026740593600017303521002075         UN1001415                61174679973                                  506020195UN1001415 61174679973         30129400000000306054090044701000000000000000000000000000000000000000000000000000000000000000000000000000000000000003060500000000000000000000000000         02                              0000000030605EUROPE VEICULOS LTDA.         14       020195143000014
1026740593600017303521002075         UN1001434                61174680009                                  506020195UN1001434 61174680009         02019500000000044204090054101000000000000000000000000000000000000000000000000000000000000000000000000000000000000000442000000000000000000000000000         02                              0000000004420JUPTER COMERCIO DE VEICULOS LT14       020195143000015
1026740593600017303521002075         UN1001421                61174680084                                  506020195UN1001421 61174680084         30129400000000315584090066701000000000000000000000000000000000000000000000000000000000000000000000000000000000000003155800000000000000000000000000         02                              0000000031558MARTINIQUE DISTR VEIC PECAS E 14       020195143000016
1026740593600017303521002075         UN1001453                61174680092                                  506020195UN1001453 61174680092         02019500000000339234090066701000000000000000000000000000000000000000000000000000000000000000000000000000000000000003392300000000000000000000000000         02                              0000000033923MARTINIQUE DISTR VEIC PECAS E 14       020195143000017
1026740593600017303521002075         UN1001435                61174680149                                  506020195UN1001435 61174680149         02019500000002518654090108201000000000000000000000000000000000000000000000000000000000000000000000000000000000000025186500000000000000000000000000         02                              0000000251865MORAES MAQUINAS AGRICOLAS LTDA14       020195143000018
1026740593600017303521002075         UN1001447                61174680173                                  506020195UN1001447 61174680173         02019500000000129194090070201000000000000000000000000000000000000000000000000000000000000000000000000000000000000001291900000000000000000000000000         02                              0000000012919NANCY AUTOMOVEIS LTDA         14       020195143000019
1026740593600017303521002075         UN1001448                61174680181                                  506020195UN1001448 61174680181         02019500000001053014090070201000000000000000000000000000000000000000000000000000000000000000000000000000000000000010530100000000000000000000000000         02                              0000000105301NANCY AUTOMOVEIS LTDA         14       020195143000020
1026740593600017303521002075         UN1001400                61174680211                                  506020195UN1001400 61174680211         30129400000000370224090020801000000000000000000000000000000000000000000000000000000000000000000000000000000000000003702200000000000000000000000000         02                              0000000037022ACAI COM E LOCAD DE VEICULOS L14       020195143000021
1026740593600017303521002075         UN1001443                61174680220                                  506020195UN1001443 61174680220         02019500000001355744090087901000000000000000000000000000000000000000000000000000000000000000000000000000000000000013557400000000000000000000000000         02                              0000000135574MAISON COMERCIO DE VEICULOS S/14       020195143000022
1026740593600017303521002075         UN1001444                61174680238                                  506020195UN1001444 61174680238         02019500000000875744090087901000000000000000000000000000000000000000000000000000000000000000000000000000000000000008757400000000000000000000000000         02                              0000000087574MAISON COMERCIO DE VEICULOS S/14       020195143000023
1026740593600017303521002075         UN1001445                61174680246                                  506020195UN1001445 61174680246         02019500000000712464090087901000000000000000000000000000000000000000000000000000000000000000000000000000000000000007124600000000000000000000000000         02                              0000000071246MAISON COMERCIO DE VEICULOS S/14       020195143000024
1026740593600017303521002075         UN1001414                61174680343                                  506020195UN1001414 61174680343         30129400000001589024090069401000000000000000000000000000000000000000000000000000000000000000000000000000000000000015890200000000000000000000000000         02                              0000000158902PROVENCE VEICULOS LTDA        14       020195143000025
1026740593600017303521002075         UN1001452                61174680378                                  506020195UN1001452 61174680378         02019500000010097634090107801000000000000000000000000000000000000000000000000000000000000000000000000000000000000100976300000000000000000000000000         02                              0000001009763RIVOLI VEICULOS LTDA.         14       020195143000026
1026740593600017303521002075         UN1001417                61174680408                                  506020195UN1001417 61174680408         30129400000000002304090066701000000000000000000000000000000000000000000000000000000000000000000000000000000000000000023000000000000000000000000000         02                              0000000000230SERV PECAS S/A COM. IND.      14       020195143000027
1026740593600017303521002075         UN1001428                61174680416                                  506020195UN1001428 61174680416         30129400000000047354090066701000000000000000000000000000000000000000000000000000000000000000000000000000000000000000473500000000000000000000000000         02                              0000000004735SERV PECAS S/A COM. IND.      14       020195143000028
1026740593600017303521002075         UN1001396                61174680572                                  506020195UN1001396 61174680572         30129400000000168304090069501000000000000000000000000000000000000000000000000000000000000000000000000000000000000001683000000000000000000000000000         02                              0000000016830TROCADERO AUTOMOVEIS LTDA     14       020195143000029
1026740593600017303521002075         UN1001398                61174680580                                  506020195UN1001398 61174680580         30129400000000201064090069501000000000000000000000000000000000000000000000000000000000000000000000000000000000000002010600000000000000000000000000         02                              0000000020106TROCADERO AUTOMOVEIS LTDA     14       020195143000030
1026740593600017303521002075         UN1001399                61174680599                                  506020195UN1001399 61174680599         30129400000000117204090069501000000000000000000000000000000000000000000000000000000000000000000000000000000000000001172000000000000000000000000000         02                              0000000011720TROCADERO AUTOMOVEIS LTDA     14       020195143000031
1026740593600017303521002075         UN1001423                61174680602                                  506020195UN1001423 61174680602         30129400000000032154090069501000000000000000000000000000000000000000000000000000000000000000000000000000000000000000321500000000000000000000000000         02                              0000000003215TROCADERO AUTOMOVEIS LTDA     14       020195143000032
1026740593600017303521002075         UN1001424                61174680610                                  506020195UN1001424 61174680610         30129400000000148794090069501000000000000000000000000000000000000000000000000000000000000000000000000000000000000001487900000000000000000000000000         02                              0000000014879TROCADERO AUTOMOVEIS LTDA     14       020195143000033
1026740593600017303521002075         UN1001401                61174680653                                  506020195UN1001401 61174680653         30129400000000248414090070101000000000000000000000000000000000000000000000000000000000000000000000000000000000000002484100000000000000000000000000         02                              0000000024841VEPESA VEICULOS PESADOS LTDA  14       020195143000034
1026740593600017303521002075         UN1001409                61174680661                                  506020195UN1001409 61174680661         30129400000000802594090070101000000000000000000000000000000000000000000000000000000000000000000000000000000000000008025900000000000000000000000000         02                              0000000080259VEPESA VEICULOS PESADOS LTDA  14       020195143000035
1026740593600017303521002075         UN1001410                61174680670                                  506020195UN1001410 61174680670         30129400000001153074090070101000000000000000000000000000000000000000000000000000000000000000000000000000000000000011530700000000000000000000000000         02                              0000000115307VEPESA VEICULOS PESADOS LTDA  14       020195143000036
1026740593600017303521002075         UN1001446                61174680688                                  506020195UN1001446 61174680688         02019500000001332704090070101000000000000000000000000000000000000000000000000000000000000000000000000000000000000013327000000000000000000000000000         02                              0000000133270VEPESA VEICULOS PESADOS LTDA  14       020195143000037
1026740593600017303521002075         UNI003988F               00000000000                                  503030195UNI003988F0000000000000000000009019500000000062084090000001000000000000000000000000000000000000000000000000000000000000000000000000000000000000000000000000000000000000000000000         00                              0000000000000IRMAOS GASPARETTO LTDA        14       030195143000038
1026740593600017303521002075         UNI004003G               00000000000                                  503030195UNI004003G0000000000000000000008029500000002448214090000001000000000000000000000000000000000000000000000000000000000000000000000000000000000000000000000000000000000000000000000         00                              0000000000000IRMAOS GASPARETTO LTDA        14       030195143000039
1026740593600017303521002075         UNI004004F               00000000000                                  503030195UNI004004F0000000000000000000009019500000000426124090000001000000000000000000000000000000000000000000000000000000000000000000000000000000000000000000000000000000000000000000000         00                              0000000000000IRMAOS GASPARETTO LTDA        14       030195143000040
1026740593600017303521002075         UNI004004G               00000000000                                  503030195UNI004004G0000000000000000000008029500000000426124090000001000000000000000000000000000000000000000000000000000000000000000000000000000000000000000000000000000000000000000000000         00                              0000000000000IRMAOS GASPARETTO LTDA        14       030195143000041
1026740593600017303521002075         UNI004005F               00000000000                                  503030195UNI004005F0000000000000000000009019500000000007674090000001000000000000000000000000000000000000000000000000000000000000000000000000000000000000000000000000000000000000000000000         00                              0000000000000IRMAOS GASPARETTO LTDA        14       030195143000042
1026740593600017303521002075         UNI004005G               00000000000                                  503030195UNI004005G0000000000000000000008029500000000007674090000001000000000000000000000000000000000000000000000000000000000000000000000000000000000000000000000000000000000000000000000         00                              0000000000000IRMAOS GASPARETTO LTDA        14       030195143000043
1026740593600017303521002075         UNI006345C               00000000000                                  503030195UNI006345C0000000000000000000029019500000000979914090000001000000000000000000000000000000000000000000000000000000000000000000000000000000000000000000000000000000000000000000000         00                              0000000000000LA ROCHELLE VEICULOS LTDA.    14       030195143000044
1026740593600017303521002075         UNI005066E               00000000000                                  503030195UNI005066E0000000000000000000026019500000000231504090000001000000000000000000000000000000000000000000000000000000000000000000000000000000000000000000000000000000000000000000000         00                              0000000000000MARCHE VEICULOS LTDA          14       030195143000045
1026740593600017303521002075         UNI005085E               00000000000                                  503030195UNI005085E0000000000000000000026019500000000048774090000001000000000000000000000000000000000000000000000000000000000000000000000000000000000000000000000000000000000000000000000         00                              0000000000000MARCHE VEICULOS LTDA          14       030195143000046
1026740593600017303521002075         UNI005086E               00000000000                                  503030195UNI005086E0000000000000000000026019500000000279344090000001000000000000000000000000000000000000000000000000000000000000000000000000000000000000000000000000000000000000000000000         00                              0000000000000MARCHE VEICULOS LTDA          14       030195143000047
1026740593600017303521002075         UNI005087E               00000000000                                  503030195UNI005087E0000000000000000000026019500000000323634090000001000000000000000000000000000000000000000000000000000000000000000000000000000000000000000000000000000000000000000000000         00                              0000000000000MARCHE VEICULOS LTDA          14       030195143000048
1026740593600017303521002075         UNI005088E               00000000000                                  503030195UNI005088E0000000000000000000026019500000000049524090000001000000000000000000000000000000000000000000000000000000000000000000000000000000000000000000000000000000000000000000000         00                              0000000000000MARCHE VEICULOS LTDA          14       030195143000049
1026740593600017303521002075         UNI005089E               00000000000                                  503030195UNI005089E0000000000000000000026019500000000046974090000001000000000000000000000000000000000000000000000000000000000000000000000000000000000000000000000000000000000000000000000         00                              0000000000000MARCHE VEICULOS LTDA          14       030195143000050
1026740593600017303521002075         UNI005355D               00000000000                                  503030195UNI005355D0000000000000000000006019500000001000004090000001000000000000000000000000000000000000000000000000000000000000000000000000000000000000000000000000000000000000000000000         00                              0000000000000COMERCIAL ZANATTA LTDA        14       030195143000051
1026740593600017303521002075         UNI005355E               00000000000                                  503030195UNI005355E0000000000000000000005029500000001000004090000001000000000000000000000000000000000000000000000000000000000000000000000000000000000000000000000000000000000000000000000         00                              0000000000000COMERCIAL ZANATTA LTDA        14       030195143000052
1026740593600017303521002075         UNI003988G               00000000000                                  503030195UNI003988G0000000000000000000008029500000000062084090000001000000000000000000000000000000000000000000000000000000000000000000000000000000000000000000000000000000000000000000000         00                              0000000000000IRMAOS GASPARETTO LTDA        14       030195143000053
1026740593600017303521002075         UNI003989F               00000000000                                  503030195UNI003989F0000000000000000000009019500000000044774090000001000000000000000000000000000000000000000000000000000000000000000000000000000000000000000000000000000000000000000000000         00                              0000000000000IRMAOS GASPARETTO LTDA        14       030195143000054
1026740593600017303521002075         UNI003989G               00000000000                                  503030195UNI003989G0000000000000000000008029500000000044774090000001000000000000000000000000000000000000000000000000000000000000000000000000000000000000000000000000000000000000000000000         00                              0000000000000IRMAOS GASPARETTO LTDA        14       030195143000055
1026740593600017303521002075         UNI003990F               00000000000                                  503030195UNI003990F0000000000000000000009019500000000065814090000001000000000000000000000000000000000000000000000000000000000000000000000000000000000000000000000000000000000000000000000         00                              0000000000000IRMAOS GASPARETTO LTDA        14       030195143000056
1026740593600017303521002075         UNI003990G               00000000000                                  503030195UNI003990G0000000000000000000008029500000000065814090000001000000000000000000000000000000000000000000000000000000000000000000000000000000000000000000000000000000000000000000000         00                              0000000000000IRMAOS GASPARETTO LTDA        14       030195143000057
1026740593600017303521002075         UNI003991F               00000000000                                  503030195UNI003991F0000000000000000000009019500000000097254090000001000000000000000000000000000000000000000000000000000000000000000000000000000000000000000000000000000000000000000000000         00                              0000000000000IRMAOS GASPARETTO LTDA        14       030195143000058
1026740593600017303521002075         UNI003991G               00000000000                                  503030195UNI003991G0000000000000000000008029500000000097254090000001000000000000000000000000000000000000000000000000000000000000000000000000000000000000000000000000000000000000000000000         00                              0000000000000IRMAOS GASPARETTO LTDA        14       030195143000059
1026740593600017303521002075         UNI003992F               00000000000                                  503030195UNI003992F0000000000000000000009019500000000054984090000001000000000000000000000000000000000000000000000000000000000000000000000000000000000000000000000000000000000000000000000         00                              0000000000000IRMAOS GASPARETTO LTDA        14       030195143000060
1026740593600017303521002075         UNI003992G               00000000000                                  503030195UNI003992G0000000000000000000008029500000000054984090000001000000000000000000000000000000000000000000000000000000000000000000000000000000000000000000000000000000000000000000000         00                              0000000000000IRMAOS GASPARETTO LTDA        14       030195143000061
1026740593600017303521002075         UNI003993F               00000000000                                  503030195UNI003993F0000000000000000000009019500000000052924090000001000000000000000000000000000000000000000000000000000000000000000000000000000000000000000000000000000000000000000000000         00                              0000000000000IRMAOS GASPARETTO LTDA        14       030195143000062
1026740593600017303521002075         UNI003993G               00000000000                                  503030195UNI003993G0000000000000000000008029500000000052924090000001000000000000000000000000000000000000000000000000000000000000000000000000000000000000000000000000000000000000000000000         00                              0000000000000IRMAOS GASPARETTO LTDA        14       030195143000063
1026740593600017303521002075         UNI003994F               00000000000                                  503030195UNI003994F0000000000000000000009019500000000054614090000001000000000000000000000000000000000000000000000000000000000000000000000000000000000000000000000000000000000000000000000         00                              0000000000000IRMAOS GASPARETTO LTDA        14       030195143000064
1026740593600017303521002075         UNI003994G               00000000000                                  503030195UNI003994G0000000000000000000008029500000000054614090000001000000000000000000000000000000000000000000000000000000000000000000000000000000000000000000000000000000000000000000000         00                              0000000000000IRMAOS GASPARETTO LTDA        14       030195143000065
1026740593600017303521002075         UNI003995F               00000000000                                  503030195UNI003995F0000000000000000000009019500000000039624090000001000000000000000000000000000000000000000000000000000000000000000000000000000000000000000000000000000000000000000000000         00                              0000000000000IRMAOS GASPARETTO LTDA        14       030195143000066
1026740593600017303521002075         UNI003995G               00000000000                                  503030195UNI003995G0000000000000000000008029500000000039624090000001000000000000000000000000000000000000000000000000000000000000000000000000000000000000000000000000000000000000000000000         00                              0000000000000IRMAOS GASPARETTO LTDA        14       030195143000067
1026740593600017303521002075         UNI003996F               00000000000                                  503030195UNI003996F0000000000000000000009019500000000052024090000001000000000000000000000000000000000000000000000000000000000000000000000000000000000000000000000000000000000000000000000         00                              0000000000000IRMAOS GASPARETTO LTDA        14       030195143000068
1026740593600017303521002075         UNI003996G               00000000000                                  503030195UNI003996G0000000000000000000008029500000000052024090000001000000000000000000000000000000000000000000000000000000000000000000000000000000000000000000000000000000000000000000000         00                              0000000000000IRMAOS GASPARETTO LTDA        14       030195143000069
1026740593600017303521002075         UNI003997F               00000000000                                  503030195UNI003997F0000000000000000000009019500000000024474090000001000000000000000000000000000000000000000000000000000000000000000000000000000000000000000000000000000000000000000000000         00                              0000000000000IRMAOS GASPARETTO LTDA        14       030195143000070
1026740593600017303521002075         UNI003997G               00000000000                                  503030195UNI003997G0000000000000000000008029500000000024474090000001000000000000000000000000000000000000000000000000000000000000000000000000000000000000000000000000000000000000000000000         00                              0000000000000IRMAOS GASPARETTO LTDA        14       030195143000071
1026740593600017303521002075         UNI003998F               00000000000                                  503030195UNI003998F0000000000000000000009019500000000056304090000001000000000000000000000000000000000000000000000000000000000000000000000000000000000000000000000000000000000000000000000         00                              0000000000000IRMAOS GASPARETTO LTDA        14       030195143000072
1026740593600017303521002075         UNI003998G               00000000000                                  503030195UNI003998G0000000000000000000008029500000000056304090000001000000000000000000000000000000000000000000000000000000000000000000000000000000000000000000000000000000000000000000000         00                              0000000000000IRMAOS GASPARETTO LTDA        14       030195143000073
1026740593600017303521002075         UNI003999F               00000000000                                  503030195UNI003999F0000000000000000000009019500000000024984090000001000000000000000000000000000000000000000000000000000000000000000000000000000000000000000000000000000000000000000000000         00                              0000000000000IRMAOS GASPARETTO LTDA        14       030195143000074
1026740593600017303521002075         UNI003999G               00000000000                                  503030195UNI003999G0000000000000000000008029500000000024984090000001000000000000000000000000000000000000000000000000000000000000000000000000000000000000000000000000000000000000000000000         00                              0000000000000IRMAOS GASPARETTO LTDA        14       030195143000075
1026740593600017303521002075         UNI004000F               00000000000                                  503030195UNI004000F0000000000000000000009019500000000063574090000001000000000000000000000000000000000000000000000000000000000000000000000000000000000000000000000000000000000000000000000         00                              0000000000000IRMAOS GASPARETTO LTDA        14       030195143000076
1026740593600017303521002075         UNI004000G               00000000000                                  503030195UNI004000G0000000000000000000008029500000000063574090000001000000000000000000000000000000000000000000000000000000000000000000000000000000000000000000000000000000000000000000000         00                              0000000000000IRMAOS GASPARETTO LTDA        14       030195143000077
1026740593600017303521002075         UNI004001F               00000000000                                  503030195UNI004001F0000000000000000000009019500000001139284090000001000000000000000000000000000000000000000000000000000000000000000000000000000000000000000000000000000000000000000000000         00                              0000000000000IRMAOS GASPARETTO LTDA        14       030195143000078
1026740593600017303521002075         UNI004001G               00000000000                                  503030195UNI004001G0000000000000000000008029500000001139284090000001000000000000000000000000000000000000000000000000000000000000000000000000000000000000000000000000000000000000000000000         00                              0000000000000IRMAOS GASPARETTO LTDA        14       030195143000079
1026740593600017303521002075         UNI004002F               00000000000                                  503030195UNI004002F0000000000000000000009019500000000011784090000001000000000000000000000000000000000000000000000000000000000000000000000000000000000000000000000000000000000000000000000         00                              0000000000000IRMAOS GASPARETTO LTDA        14       030195143000080
1026740593600017303521002075         UNI004002G               00000000000                                  503030195UNI004002G0000000000000000000008029500000000011784090000001000000000000000000000000000000000000000000000000000000000000000000000000000000000000000000000000000000000000000000000         00                              0000000000000IRMAOS GASPARETTO LTDA        14       030195143000081
1026740593600017303521002075         UNI004003F               00000000000                                  503030195UNI004003F0000000000000000000009019500000002448214090000001000000000000000000000000000000000000000000000000000000000000000000000000000000000000000000000000000000000000000000000         00                              0000000000000IRMAOS GASPARETTO LTDA        14       030195143000082
9000010520000007427013500000143000000000000000000000000000000000000000000000000000000000000000000000000000000000000000000000000000000000000000000000000000000000000000000000000000000000000000000000000000000000000000000000000000000000000000000000000000000000000000000000000000000000000000000000000000000000000000000000000000000000000000000000000000000000000000000000000000000000000000000000000143000083
