47600000         211186730000145                    0000150000000000015 COMPANIA BRASILEIRA DE TESTES C.C.L.A.A DO SUL DO MT                  201112022111759012504060                                                                          
47600011E0440032 211186730000145                    0000150000000000015 COMPANIA BRASILEIRA DE TESTES                                         14082014000000000031342698CPBRL01396                                                              
4760001300003E   211186730000145                    0000150000000000015 COMPANIA BRASILEIRA DE TESTES       DPV0147600015            N0111202201112022000000000000030000D1010081CHEQUE PAGO              476020001                              
4760001300004E   211186730000145                    0000150000000000015 COMPANIA BRASILEIRA DE TESTES       DPV0147600015            N0111202201112022000000000000040000D1010081MOVIMENTO MANUAL 001                                            
4760001300005E   211186730000145                    0000150000000000015 COMPANIA BRASILEIRA DE TESTES       DPV0147600015            N0111202201112022000000000000050000D1010081MOVIMENTO MANUAL 002                                            
4760001300006E   211186730000145                    0000150000000000015 COMPANIA BRASILEIRA DE TESTES       DPV0147600015            N0111202201112022000000000000160000D1010081CHEQUE PAGO              476020006                              
4760001300007E   211186730000145                    0000150000000000015 COMPANIA BRASILEIRA DE TESTES       DPV0147600015            N0111202201112022000000000000180000D1010081MOVIMENTO MANUAL 003                                            
4760001300008E   211186730000145                    0000150000000000015 COMPANIA BRASILEIRA DE TESTES       DPV0147600015            N0111202201112022000000000000180000D1010081MOVIMENTO MANUAL 004                                            
4760001300009E   211186730000145                    0000150000000000015 COMPANIA BRASILEIRA DE TESTES       DPV0147600015            N0111202201112022000000000000030000D1010081CHEQUE PAGO              476023813                              
4760001300010E   211186730000145                    0000150000000000015 COMPANIA BRASILEIRA DE TESTES       DPV0147600015            N0111202201112022000000000000080000D1010081CHEQUE PAGO              476023980                              
4760001300011E   211186730000145                    0000150000000000015 COMPANIA BRASILEIRA DE TESTES       DPV0147600015            N0111202201112022000000000000120000D1010081CHEQUE PAGO              476023907                              
4760001300012E   211186730000145                    0000150000000000015 COMPANIA BRASILEIRA DE TESTES       DPV0147600015            N0111202201112022000000000000120000D1010081CHEQUE PAGO              476023906                              
4760001300013E   211186730000145                    0000150000000000015 COMPANIA BRASILEIRA DE TESTES       DPV0147600015            N0111202201112022000000000000120000D1010081CHEQUE PAGO              476020391                              
4760001300014E   211186730000145                    0000150000000000015 COMPANIA BRASILEIRA DE TESTES       DPV0147600015            N0111202201112022000000000000120000D1010081CHEQUE PAGO              476023538                              
4760001300015E   211186730000145                    0000150000000000015 COMPANIA BRASILEIRA DE TESTES       DPV0147600015            N0111202201112022000000000000120000D1010081CHEQUE PAGO              476024012                              
4760001300016E   211186730000145                    0000150000000000015 COMPANIA BRASILEIRA DE TESTES       DPV0147600015            N0111202201112022000000000000120000D1010081CHEQUE PAGO              476024011                              
4760001300017E   211186730000145                    0000150000000000015 COMPANIA BRASILEIRA DE TESTES       DPV0147600015            N0111202201112022000000000000150000D1010081CHEQUE PAGO              476023911                              
4760001300018E   211186730000145                    0000150000000000015 COMPANIA BRASILEIRA DE TESTES       DPV0147600015            N0111202201112022000000000000150000D1010081CHEQUE PAGO              476024025                              
4760001300019E   211186730000145                    0000150000000000015 COMPANIA BRASILEIRA DE TESTES       DPV0147600015            N0111202201112022000000000000100000D1010081CHEQUE PAGO              476023924                              
4760001300020E   211186730000145                    0000150000000000015 COMPANIA BRASILEIRA DE TESTES       DPV0147600015            N0111202201112022000000000000100000D1010081CHEQUE PAGO              476023919                              
4760001300021E   211186730000145                    0000150000000000015 COMPANIA BRASILEIRA DE TESTES       DPV0147600015            N0111202201112022000000000000150000D1010081CHEQUE PAGO              476023932                              
4760001300022E   211186730000145                    0000150000000000015 COMPANIA BRASILEIRA DE TESTES       DPV0147600015            N0111202201112022000000000000150000D1010081CHEQUE PAGO              476023928                              
4760001300023E   211186730000145                    0000150000000000015 COMPANIA BRASILEIRA DE TESTES       DPV0147600015            N2008201420082014000000000000010000D1010081CHEQUE PAGO              476023580                              
4760001300025E   211186730000145                    0000150000000000015 COMPANIA BRASILEIRA DE TESTES       DPV0147600015            N0111202201112022000000000000100000D1010081CHEQUE PAGO              476024029                              
4760001300026E   211186730000145                    0000150000000000015 COMPANIA BRASILEIRA DE TESTES       DPV0147600015            N0111202201112022000000000000040000D1010081CHEQUE PAGO              476020273                              
4760001300027E   211186730000145                    0000150000000000015 COMPANIA BRASILEIRA DE TESTES       DPV0147600015            N0111202201112022000000000000150000D1010081CHEQUE PAGO              476022003                              
4760001300028E   211186730000145                    0000150000000000015 COMPANIA BRASILEIRA DE TESTES       DPV0147600015            N0111202201112022000000000000050000D1010081CHEQUE PAGO              476023845                              
4760001300029E   211186730000145                    0000150000000000015 COMPANIA BRASILEIRA DE TESTES       DPV0147600015            N0111202201112022000000000000010000D1010081CHEQUE PAGO              476022274                              
4760001300030E   211186730000145                    0000150000000000015 COMPANIA BRASILEIRA DE TESTES       DPV0147600015            N0111202201112022000000000000150000D1010081CHEQUE PAGO              476023910                              
4760001300031E   211186730000145                    0000150000000000015 COMPANIA BRASILEIRA DE TESTES       DPV0147600015            N0111202201112022000000000000030000D1010081CHEQUE PAGO              476024772                              
4760001300032E   211186730000145                    0000150000000000015 COMPANIA BRASILEIRA DE TESTES       DPV0147600015            N0111202201112022000000000000030000D1010081CHEQUE PAGO              476025007                              
4760001300033E   211186730000145                    0000150000000000015 COMPANIA BRASILEIRA DE TESTES       DPV0147600015            N0111202201112022000000000000010000D1010081CHEQUE PAGO              476024766                              
47600015         211186730000145                    0000150000000000015                 00000000000000000000000000000500000000000000000000000001112022000000000047022978CP000364000000000034559720000000000050240000                            
47699999         000001000366000001                                                                                                                                                                                                             
